<?xml version="1.0" encoding="UTF-8"?><collection xmlns="http://www.loc.gov/MARC21/slim"><record><leader>00514nam--2200193-i-4500</leader><controlfield tag="001">000042153</controlfield><controlfield tag="002">20161230</controlfield><controlfield tag="005">20161230201043</controlfield><controlfield tag="008">060222s1000------------r-----000-0-rus-d</controlfield><datafield ind1=" " ind2=" " tag="040"><subfield code="a">IFIN-HH</subfield></datafield><datafield ind1=" " ind2=" " tag="041"><subfield code="a">rus</subfield></datafield><datafield ind1=" " ind2=" " tag="080"><subfield code="a">539.1.074.55</subfield></datafield><datafield ind1="1" ind2=" " tag="100"><subfield code="a">Reznikov, R.S</subfield></datafield><datafield ind1="1" ind2="0" tag="245"><subfield code="a">Promislennie poluprovodnikovie detektori</subfield><subfield code="c">R.s. reznikov, yu.p. selidiakov</subfield></datafield><datafield ind1=" " ind2=" " tag="260"><subfield code="a">Moskva</subfield><subfield code="b">Atomizdat</subfield><subfield code="c">1975</subfield></datafield><datafield ind1=" " ind2=" " tag="300"><subfield code="a">87P</subfield></datafield><datafield ind1="1" ind2=" " tag="700"><subfield code="a">Selidiakov, Yu.P</subfield></datafield><datafield ind1=" " ind2=" " tag="852"><subfield code="a">43703</subfield><subfield code="c">539.1.07:539.1.08</subfield></datafield><datafield ind1=" " ind2=" " tag="CAT"><subfield code="a">Sys</subfield><subfield code="c">20111026</subfield><subfield code="h">144429</subfield></datafield></record></collection>